@incollection{LTH2013,
author = {LTH, Mathematics},
chapter = {6},
publisher = {LTH, Mathematics},
title = {{Lecture 6, Camera Computation and the Essential Matrix}},
url = {http://www.maths.lth.se/matematiklth/personal/calle/datorseende13/notes/forelas6.pdf},
year = {2013}
}
@misc{Mathworksb,
author = {Mathworks},
title = {{estimateFundamentalMatrix}},
url = {https://de.mathworks.com/help/vision/ref/estimatefundamentalmatrix.html},
urldate = {27.12.2018}
}
@book{Schreer2005,
author = {Schreer, O.},
pages = {278},
publisher = {Springer-Verlag Berlin Heidelberg},
title = {{Stereoanalyse und Bildsynthese}},
year = {2005}
}
@book{Richard2000,
author = {Richard, Hartley and Zissermann, Andrew},
edition = {2nd},
pages = {673},
publisher = {Cambridge University Press},
title = {{Multiple View Geometry in computer vision}},
year = {2000}
}
@misc{Mathworksa,
author = {Mathworks},
title = {{Single Camera Calibrator App}},
url = {https://de.mathworks.com/help/vision/ug/single-camera-calibrator-app.html},
urldate = {27.12.2018}
}
@misc{Verlag,
author = {Verlag, Spektrum Akademischer},
title = {{Verzeichnung}},
url = {https://www.spektrum.de/lexikon/geowissenschaften/verzeichnung/17643},
urldate = {27.12.2018}
}
@misc{Mathworks,
author = {Mathworks},
title = {{Structure From Motion From Multiple Views}},
url = {https://de.mathworks.com/help/vision/examples/structure-from-motion-from-multiple-views.html},
urldate = {2018-12-27}
}
